% !Mode:: "TeX:UTF-8"
@article{Hinton2006,
  title={A fast learning algorithm for deep belief nets},
  author={Hinton, Geoffrey and Osindero, Simon and Teh, Yee-Whye},
  journal={Neural computation},
  volume={18},
  number={7},
  pages={1527--1554},
  year={2006},
  publisher={MIT Press}
}
@article{learnForAI,
  title={Learning deep architectures for AI},
  author={Bengio, Yoshua},
  journal={Foundations and trends{\textregistered} in Machine Learning},
  volume={2},
  number={1},
  pages={1--127},
  year={2009},
  publisher={Now Publishers Inc.}
}

@article{practicalGuide,
  title={A practical guide to training restricted Boltzmann machines},
  author={Hinton, Geoffrey},
  journal={Momentum},
  volume={9},
  number={1},
  pages={926},
  year={2010}
}

@article{frontierInAI,
  title={Deep machine learning-a new frontier in artificial intelligence research [research frontier]},
  author={Arel, Itamar and Rose, Derek C and Karnowski, Thomas P},
  journal={Computational Intelligence Magazine, IEEE},
  volume={5},
  number={4},
  pages={13--18},
  year={2010},
  publisher={IEEE}
}

@article{multipRespresen,
  title={Learning multiple layers of representation},
  author={Hinton, Geoffrey E},
  journal={Trends in cognitive sciences},
  volume={11},
  number={10},
  pages={428--434},
  year={2007},
  publisher={Elsevier}
}

@article{MCMC,
  title={An introduction to MCMC for machine learning},
  author={Andrieu, Christophe and De Freitas, Nando and Doucet, Arnaud and Jordan, Michael I},
  journal={Machine learning},
  volume={50},
  number={1-2},
  pages={5--43},
  year={2003},
  publisher={Springer}
}

@inproceedings{sparseRepres,
  title={Efficient learning of sparse representations with an energy-based model},
  author={Poultney, Christopher and Chopra, Sumit and Cun, Yann L and others},
  booktitle={Advances in neural information processing systems},
  pages={1137--1144},
  year={2006}
}

@phdthesis{learnDeepModels,
  title={Learning deep generative models},
  author={Salakhutdinov, Ruslan},
  year={2009},
  school={University of Toronto}
}

@article{reducingDimensionlity,
  title={Reducing the dimensionality of data with neural networks},
  author={Hinton, Geoffrey E and Salakhutdinov, Ruslan R},
  journal={Science},
  volume={313},
  number={5786},
  pages={504--507},
  year={2006},
  publisher={American Association for the Advancement of Science}
}

@inproceedings{diffcultyOfTrain,
  title={The difficulty of training deep architectures and the effect of unsupervised pre-training},
  author={Erhan, Dumitru and Manzagol, Pierre-Antoine and Bengio, Yoshua and Bengio, Samy and Vincent, Pascal},
  booktitle={International Conference on Artificial Intelligence and Statistics},
  pages={153--160},
  year={2009}
}

@article{recognizeShape,
  title={To recognize shapes, first learn to generate images},
  author={Hinton, Geoffrey E},
  journal={Progress in brain research},
  volume={165},
  pages={535--547},
  year={2007},
  publisher={Elsevier}
}


@article{overview,
  title={Deep Learning in Neural Networks: An Overview},
  author={Schmidhuber, J{\"u}rgen},
  journal={arXiv preprint arXiv:1404.7828},
  year={2014}
}


@book{Duda,
  title={Pattern classification},
  author={Duda, Richard O and Hart, Peter E and Stork, David G},
  year={1999},
  publisher={John Wiley \& Sons,}
}

@book{PRML,
  title={Pattern recognition and machine learning},
  author={Bishop, Christopher M and others},
  volume={1},
  year={2006},
  publisher={springer New York}
}

@article{whyHelp,
  title={Why does unsupervised pre-training help deep learning?},
  author={Erhan, Dumitru and Bengio, Yoshua and Courville, Aaron and Manzagol, Pierre-Antoine and Vincent, Pascal and Bengio, Samy},
  journal={The Journal of Machine Learning Research},
  volume={11},
  pages={625--660},
  year={2010},
  publisher={JMLR. org}
}

@article{baidu,
  title={深度学习的昨天, 今天和明天},
  author={余凯 and 贾磊 and 陈雨强 and 徐伟},
  journal={计算机研究与发展},
  volume={50},
  number={9},
  pages={1799--1804},
  year={2013}
}


@book{information,
  title={信息论、推理与学习算法},
  author="{Ma-ckay, D.J.C.~原著, 肖明波~等译 }",
  year={2006},
  address = {北京},
  publisher={高等教育出版社}
}

@book{tomML,
  title={机器学习},
  author="{Tom M.Mitchell~原著, 曾华军~等译 }",
  year={2003},
  address = {北京},
  publisher={机械工业出版社}
}

@inproceedings{onCDlearn,
  title={On contrastive divergence learning},
  author={Carreira-Perpinan, Miguel A and Hinton, Geoffrey E},
  year={2005},
  organization={Citeseer}
}

@inproceedings{approximations,
  title={Training restricted Boltzmann machines using approximations to the likelihood gradient},
  author={Tieleman, Tijmen},
  booktitle={Proceedings of the 25th international conference on Machine learning},
  pages={1064--1071},
  year={2008},
  organization={ACM}
}

@article{learnForBM,
  title={A learning algorithm for boltzmann machines},
  author={Ackley, David H and Hinton, Geoffrey E and Sejnowski, Terrence J},
  journal={Cognitive science},
  volume={9},
  number={1},
  pages={147--169},
  year={1985},
  publisher={Wiley Online Library}
}

@article{GreedyLayerWise,
  title={Greedy layer-wise training of deep networks},
  author={Bengio, Yoshua and Lamblin, Pascal and Popovici, Dan and Larochelle, Hugo},
  journal={Advances in neural information processing systems},
  volume={19},
  pages={153},
  year={2007},
  publisher={MIT; 1998}
}

@article{cudamat,
  title={Cudamat: a CUDA-based matrix class for python},
  author={Mnih, Volodymyr},
  journal={Department of Computer Science, University of Toronto, Tech. Rep. UTML TR},
  volume={4},
  year={2009}
}

@article{gnumpy,
  title={Gnumpy: an easy way to use GPU boards in Python},
  author={Tieleman, Tijmen},
  journal={Department of Computer Science, University of Toronto},
  year={2010}
}

@article{energyBased,
  title={A tutorial on energy-based learning},
  author={LeCun, Yann and Chopra, Sumit and Hadsell, Raia and Ranzato, M and Huang, F},
  journal={Predicting structured data},
  volume={1},
  pages={0},
  year={2006}
}

@article{MS2015,
  title={Delving Deep into Rectifiers: Surpassing Human-Level Performance on ImageNet Classification},
  author={He, Kaiming and Zhang, Xiangyu and Ren, Shaoqing and Sun, Jian},
  journal={arXiv preprint arXiv:1502.01852},
  year={2015}
}

@book{CUDA,
  title={CUDA并行程序设计GPU编程指南},
  author="{Shane Cook~原著, 苏统华~等译 }",
  year={2014},
  address = {北京},
  publisher={机械工业出版社}
}

@book{CUDAcode,
  title={GPU高性能编程CUDA实战},
  author="{Jason Sanders, Edward Kandrot~原著, 聂雪军~等译 }",
  year={2011},
  address = {北京},
  publisher={机械工业出版社}
}

@book{MLbenzhi,
  title={统计机器学习理论的本质},
  author="{Vladimir N. Vapnik~原著, 张学工~译 }",
  year={2000},
  address = {北京},
  publisher={清华大学出版社}
}

@book{weina,
  title={人有人的用处：控制论与社会},
  author="{维纳~原著, 陈步~译 }",
  year={2010},
  address = {北京},
  publisher={北京大学出版社}
}

@book{fengnuoyiman,
  title={计算机与人脑},
  author="{冯·诺伊曼~原著, 甘子玉~译 }",
  year={2010},
  address = {北京},
  publisher={北京大学出版社}
}

@inproceedings{krizhevsky2012imagenet,
  title={Imagenet classification with deep convolutional neural networks},
  author={Krizhevsky, Alex and Sutskever, Ilya and Hinton, Geoffrey E},
  booktitle={Advances in neural information processing systems},
  pages={1097--1105},
  year={2012}
}

@article{barron1993universal,
  title={Universal approximation bounds for superpositions of a sigmoidal function},
  author={Barron, Andrew R},
  journal={Information Theory, IEEE Transactions on},
  volume={39},
  number={3},
  pages={930--945},
  year={1993},
  publisher={IEEE}
}

@inproceedings{baldi2013understanding,
  title={Understanding Dropout},
  author={Baldi, Pierre and Sadowski, Peter J},
  booktitle={Advances in Neural Information Processing Systems},
  pages={2814--2822},
  year={2013}
}

@inproceedings{lee2009convolutional,
  title={Convolutional deep belief networks for scalable unsupervised learning of hierarchical representations},
  author={Lee, Honglak and Grosse, Roger and Ranganath, Rajesh and Ng, Andrew Y},
  booktitle={Proceedings of the 26th Annual International Conference on Machine Learning},
  pages={609--616},
  year={2009},
  organization={ACM}
}

@article{krizhevsky2010convolutional,
  title={Convolutional deep belief networks on cifar-10},
  author={Krizhevsky, Alex and Hinton, G},
  journal={Unpublished manuscript},
  year={2010},
  publisher={Citeseer}
}

@article{lecun1998gradient,
  title={Gradient-based learning applied to document recognition},
  author={LeCun, Yann and Bottou, L{\'e}on and Bengio, Yoshua and Haffner, Patrick},
  journal={Proceedings of the IEEE},
  volume={86},
  number={11},
  pages={2278--2324},
  year={1998},
  publisher={IEEE}
}

@article{lecun1989backpropagation,
  title={Backpropagation applied to handwritten zip code recognition},
  author={LeCun, Yann and Boser, Bernhard and Denker, John S and Henderson, Donnie and Howard, Richard E and Hubbard, Wayne and Jackel, Lawrence D},
  journal={Neural computation},
  volume={1},
  number={4},
  pages={541--551},
  year={1989},
  publisher={MIT Press}
}

@article{bouvrie2006notes,
  title={Notes on convolutional neural networks},
  author={Bouvrie, Jake},
  year={2006}
}

@inproceedings{simard2003best,
  title={Best practices for convolutional neural networks applied to visual document analysis},
  author={Simard, Patrice Y and Steinkraus, Dave and Platt, John C},
  booktitle={null},
  pages={958},
  year={2003},
  organization={IEEE}
}

@inproceedings{glorot2011deep,
  title={Deep sparse rectifier neural networks},
  author={Glorot, Xavier and Bordes, Antoine and Bengio, Yoshua},
  booktitle={International Conference on Artificial Intelligence and Statistics},
  pages={315--323},
  year={2011}
}

@article{goodfellow2013maxout,
  title={Maxout networks},
  author={Goodfellow, Ian J and Warde-Farley, David and Mirza, Mehdi and Courville, Aaron and Bengio, Yoshua},
  journal={arXiv preprint arXiv:1302.4389},
  year={2013}
}

@article{tenenbaum2000global,
  title={A global geometric framework for nonlinear dimensionality reduction},
  author={Tenenbaum, Joshua B and De Silva, Vin and Langford, John C},
  journal={Science},
  volume={290},
  number={5500},
  pages={2319--2323},
  year={2000},
  publisher={American Association for the Advancement of Science}
}

@incollection{scholkopf1998kernel,
  title={Kernel PCA pattern reconstruction via approximate pre-images},
  author={Sch{\"o}lkopf, Bernhard and Mika, Sebastian and Smola, Alex and R{\"a}tsch, Gunnar and M{\"u}ller, Klaus-Robert},
  booktitle={ICANN 98},
  pages={147--152},
  year={1998},
  publisher={Springer}
}

@article{kruskal1964multidimensional,
  title={Multidimensional scaling by optimizing goodness of fit to a nonmetric hypothesis},
  author={Kruskal, Joseph B},
  journal={Psychometrika},
  volume={29},
  number={1},
  pages={1--27},
  year={1964},
  publisher={Springer}
}

@article{roweis2000nonlinear,
  title={Nonlinear dimensionality reduction by locally linear embedding},
  author={Roweis, Sam T and Saul, Lawrence K},
  journal={Science},
  volume={290},
  number={5500},
  pages={2323--2326},
  year={2000},
  publisher={American Association for the Advancement of Science}
}

@article{jia2014caffe,
  Author = {Jia, Yangqing and Shelhamer, Evan and Donahue, Jeff and Karayev, Sergey and Long, Jonathan and Girshick, Ross and Guadarrama, Sergio and Darrell, Trevor},
  Journal = {arXiv preprint arXiv:1408.5093},
  Title = {Caffe: Convolutional Architecture for Fast Feature Embedding},
  Year = {2014}
}

@article{kloeckner_pycuda_2012,
   author = {{Kl{\"o}ckner}, Andreas
        and {Pinto}, Nicolas
        and {Lee}, Yunsup
        and {Catanzaro}, B.
        and {Ivanov}, Paul
        and {Fasih}, Ahmed },
   title = "{PyCUDA and PyOpenCL: A Scripting-Based Approach to GPU Run-Time Code Generation}",
   journal = "Parallel Computing",
   volume = "38",
   number = "3",
   pages = "157--174",
   year = "2012",
   issn = "0167-8191",
   doi = "10.1016/j.parco.2011.09.001",
}

@article{lecun2010mnist,
  title={MNIST handwritten digit database},
  author={LeCun, Yann and Cortes, Corinna},
  journal={AT\&T Labs [Online]. Available: http://yann. lecun. com/exdb/mnist},
  year={2010}
}

@article{krizhevsky2009learningCIFAR,
  title={Learning multiple layers of features from tiny images},
  author={Krizhevsky, Alex and Hinton, Geoffrey},
  year={2009},
  publisher={Citeseer}
}

@article{alex2009cifar,
  title={CIFAR-10 database},
  author={Krizhevsky, Alex and Hinton, Geoffrey},
  journal={Canadian Instistute for Advanced Resserch [Online]. Available: http://www.cs.toronto.edu/~kriz/cifar.html},
  year={2009}
}

@article{nature2015,
  title={Deep learning},
  author={LeCun, Yann and Bengio, Yoshua and Hinton, Geoffrey},
  journal={Nature},
  volume={521},
  number={7553},
  pages={436--444},
  year={2015},
  publisher={Nature Publishing Group}
}

@article{bpalg,
  title={Learning representations by back-propagating errors},
  author={Williams, DE Rumelhart GE Hinton RJ and Hinton, GE},
  journal={Nature},
  pages={323--533},
  year={1986}
}
